@article{poly_log,
  author = {Jacob Holm and Kristian de Lichtenberg and Mikkel Thorup},
  title = {Poly-logarithmic deterministic fully-dynamic algorithms for connectivity, minimum spanning tree, 2-edge, and biconnectivity},
  journal = {Journal of the ACM},
  volume={48},
  number={4},
  year = {2001},
  pages = {723-760}
} % OK


@article{HenzingerKing,
  author = {Henzinger, Monika R. and King, Valerie},
  title = {Randomized Fully Dynamic Graph Algorithms with Polylogarithmic Time per Operation},
  journal = {Journal of ACM},
  year = {1999},
  volume = {46},
  number = {4},
  pages = {502â€“516}
} % OK



@book{CLRS,
   title = {Introduction to Algorithms},
   author = {Thomas H. Cormen and Charles E. Leiserson and Ronald L. Rivest and Clifford Stein},
   publisher = {The MIT Press},
   isbn =      {0262032937; 9780262032933; 0262531968; 9780262531962; 0070131511; 9780070131514},
   year = {2001},
   edition = {2}
} % OK


@article{lowerBoundPatrascu,
author = {Patrascu, Mihai and Demaine, Erik D.},
title = {Logarithmic Lower Bounds in the Cell-Probe Model},
journal = {SIAM Journal on Computing},
volume = {35},
number = {4},
pages = {932-963},
year = {2006},
doi = {10.1137/S0097539705447256}
}



@book{Diestel,
   title =     {Graph Theory},
   author =    {Diestel, Reinhard},
   publisher = {Springer},
   isbn =      {9783540261834; 3540261834},
   year =      {2024},
   series =    {Graduate Texts in Mathematics},
   edition =   {6},
}

@article{EPPSTEIN-planar,
author = {David Eppstein and Giuseppe F Italiano and Roberto Tamassia and Robert E Tarjan and Jeffery Westbrook and Moti Yung},
title = {Maintenance of a minimum spanning forest in a dynamic plane graph},
journal = {Journal of Algorithms},
volume = {13},
number = {1},
pages = {33-54},
year = {1992},
issn = {0196-6774},
doi = {https://doi.org/10.1016/0196-6774(92)90004-V},
}
@article{lowerBoundPatrascu,
author = {Patrascu, Mihai and Demaine, Erik D.},
title = {Logarithmic Lower Bounds in the Cell-Probe Model},
journal = {SIAM Journal on Computing},
volume = {35},
number = {4},
pages = {932-963},
year = {2006},
doi = {10.1137/S0097539705447256}
}
